<?xml version="1.0" encoding="UTF-8"?><collection xmlns="http://www.loc.gov/MARC21/slim"><record><leader>00335nam--2200121-i-4500</leader><controlfield tag="001">000025657</controlfield><controlfield tag="002">20161230</controlfield><controlfield tag="005">20161230201036</controlfield><controlfield tag="008">060222s1000------------r-----000-0-eng-d</controlfield><datafield ind1=" " ind2=" " tag="080"><subfield code="a">51(038)=20</subfield></datafield><datafield ind1=" " ind2=" " tag="245"><subfield code="a">The international dictionary of applied mathematics</subfield></datafield><datafield ind1=" " ind2=" " tag="260"><subfield code="a">Princeton, D.Van Nostrand Company, Inc., 1960, 1173p</subfield></datafield><datafield ind1=" " ind2=" " tag="852"><subfield code="a">D.228</subfield></datafield></record></collection>